@Misc{Wikipedia:UML,
author = "Wikipedia",
title = "UML",
howpublished = "online",
revised = "Poslední změna 6. prosince 2016",
cited = "!2017-04-08",
url = "http://cs.wikipedia.org/wiki/Unified\_Modeling\_Language",
}

@MasterThesis{Bilek:Java_AST,
author = "BíLek, Jiří",
title = "Jazyk pro dotazování Java AST",
school = "VUT FIT v~Brně",
address = "Brno",
year = "2015",
}

@Misc{ITnetwork:Java_generalizace,
author = "ITnetwork",
title = "Doménový model",
howpublished = "online",
revised = "Poslední změna 26. června 2016",
cited = "!2017-04-08",
url = "http://www.itnetwork.cz/navrhove-vzory/uml",
}

@Misc{Wikipedia:Dat_mod,
author = "Wikipedia",
title = "Datové modelování",
howpublished = "online",
revised = "Poslední změna 29. března 2017",
cited = "!2017-04-08",
url = "https://cs.wikipedia.org/wiki/Datové\_modelování",
}

@BachelorThesis{Fiala:IS,
author = "Fiala, Jan",
title = "Informační systém kulturně vzdělávacího centra",
school = "VUT FIT v~Brně",
address = "Brno",
year = "2007",
}

@Book{Merunka:Datove_modelovani,
author = "Merunka, Vojtěch",
title = "Datové modelování",
publisher = "Alfa",
year = "2006",
edition = "1",
address = "Praha",
isbn = "80--86851--54--0",
}

@Book{Lal:Graph_data_modeling,
author = "Lal, Mahesh",
title = "Neo4j Graph Data Modeling",
publisher = "Packt Publishing",
year = "2015",
edition = "1",
address = "United Kingdom",
isbn = "1784393444",
}

@Article{Clanek:Informatica,
author = "Pyshkin, E.",
title = "Structural similarity of mathematical equations",
journal = "Informatica",
year = "2016",
number = "1",
pages = "2--3",
issn = "0350--5596",
}

@Article{Clanek:CaI,
author = "Langr, Daniel",
title = "Input data for testing",
journal = "Computing and informatics",
year = "2016",
number = "35",
pages = "1324--1325",
issn = "1335--9150",
}

@inproceedings{Sbornik:PhD_Krena,
author = "Bohuslav Křena",
title = "Zavedení předmětu Typografie a
publikování na FIT VUT v Brně",
pages = "57--58",
booktitle = "Informatika XXI/2008",
year = "2008",
location = "Luhačovice, CZ",
publisher = "Konvoj",
ISBN = "978--80--7302--151--1",
language = "czech",
url = "http://www.fit.vutbr.cz/research/view\_pub.php?id=8568"
}
