    @MISC{dopravniZnacka,
      author =       "Wikipedia",
      title =        "{\it Traffic sign}",
      year =         "2019",
      howpublished = {\url{https://en.wikipedia.org/wiki/Traffic_sign}},
      note =         "[Online; Naposledy navštíveno 02.02.2019]"
    }
    
    @MISC{seznamDopravnichZnacek,
      author =       "Wikipedia",
      title =        "{\it Seznam dopravních značek v Česku}",
      year =         "2019",
      howpublished = {\url{https://cs.wikipedia.org/wiki/Seznam_dopravn\%C3\%ADch_zna\%C4\%8Dek_v_\%C4\%8Cesku}},
      note =         "[Online; Naposledy navštíveno 02.02.2019]"
    }
    
    @MISC{dopravniZnaceniVCesku,
      author =       "Wikipedia",
      title =        "{\it Dopravní značení v Česku}",
      year =         "2019",
      howpublished = {\url{https://cs.wikipedia.org/wiki/Dopravn\%C3\%AD_zna\%C4\%8Den\%C3\%AD_v_\%C4\%8Cesku}},
      note =         "[Online; Naposledy navštíveno 02.02.2019]"
    }
    
    @article {rtsd,
        title = "Russian traffic sign images dataset",
        journal = "Computer Optics",
        volume = "40",
        number = "2",
        year = "2016",
        pages = "294-300",
        issn = "0134-2452",
        doi = "10.18287/2412-6179-2016-40-2-294-300",
        author = "Vladislav Shakhuro and Anton Konushin"
    }
    
    @inproceedings{gtsd,
       author = "Sebastian Houben and Johannes Stallkamp and Jan Salmen and Marc Schlipsing and Christian Igel",
       booktitle = "International Joint Conference on Neural Networks",
       title = "Detection of Traffic Signs in Real-World Images: The {G}erman {T}raffic {S}ign {D}etection {B}enchmark",
       number = "1288",
       year = "2013",
    }
    
    @inproceedings{btsd,
       author = "Radu Timofte, Karel Zimmermann, and Luc van Gool",
       booktitle = "Journal of Machine Vision and Applications (MVA 2011)",
       title = "Multi-view traffic sign detection, recognition, and 3D localisation",
       month = "Dec",
       year = "2011",
    }
    
    @inproceedings{yolov1,
      title="You Only Look Once: Unified, real-time object detection",
      author="Redmon, Joseph and Divvala, Santosh and Girshick, Ross and Farhadi, Ali",
      booktitle="Proceedings of the IEEE conference on computer vision and pattern recognition",
      pages="779--788",
      year="2016"
    }
    
    @article{yolo9000,
      author    = "Joseph Redmon and
                   Ali Farhadi",
      title     = "{YOLO9000:} Better, Faster, Stronger",
      journal   = "CoRR",
      volume    = "abs/1612.08242",
      year      = "2016"
    }
    
    @article{yolov3,
      author    = "Joseph Redmon and
                   Ali Farhadi",
      title     = "YOLOv3: An Incremental Improvement",
      journal   = "CoRR",
      volume    = "abs/1804.02767",
      year      = "2018"
    }
    
    @misc{darknet,
      author =   "Joseph Redmon",
      title =    "Darknet: Open Source Neural Networks in C",
      howpublished = "\url{http://pjreddie.com/darknet/}",
      year =     "2013--2016"
    }
    
    @misc{metacentrum,
      author =   "MetaCentrum",
      title =    "MetaCentrum VO -- virtuální organizace pro celou akademickou obec",
      howpublished = "\url{https://metavo.metacentrum.cz/cs}"
      note =     "[Online; navštíveno 24.04.2019]"
    }

    @article{tsdYolo,
      title="Traffic sign detection using You Only Look Once framework",
      author="Chung Yu Wang, Royce Cheng-Yue",
      journal = "Convolutional Neural Networks for Visual Recognition CS 231n",
      year="2015"
    }
    
    @ARTICLE{tsdSsd,
        author="H. S. {Lee} and K. {Kim}",
        journal="IEEE Transactions on Intelligent Transportation Systems",
        title="Simultaneous Traffic Sign Detection and Boundary Estimation Using Convolutional Neural Network",
        year="2018",
        volume="19",
        number="5",
        pages="1652-1663",
        doi="10.1109/TITS.2018.2801560",
        ISSN="1524-9050",
        month="May",
    }
    
    @INPROCEEDINGS{tsdHog,
        author="G. {Wang} and G. {Ren} and Z. {Wu} and Y. {Zhao} and L. {Jiang}",
        booktitle="The 2013 International Joint Conference on Neural Networks (IJCNN)",
        title="A robust, coarse-to-fine traffic sign detection method",
        year="2013",
        volume="",
        number="",
        pages="1-5",
        doi="10.1109/IJCNN.2013.6706812",
        ISSN="2161-4407",
        month="Aug",
    }
    
    @INPROCEEDINGS{tsdHaar,
        author="Lotfi Abdi and Lotfi Abdi",
        booktitle="Proceedings of the Symposium on Applied Computing",
        title="Deep learning traffic sign detection, recognition and augmentation",
        year="2017",
        volume="",
        number="",
        pages="131-136",
        doi="10.1145/3019612.3019643",
    }

    @article{ssd,
      author    = "Wei Liu and
                   Dragomir Anguelov and
                   Dumitru Erhan and
                   Christian Szegedy and
                   Scott E. Reed and
                   Cheng{-}Yang Fu and
                   Alexander C. Berg",
      title     = "{SSD:} Single Shot MultiBox Detector",
      journal   = "CoRR",
      volume    = "abs/1512.02325",
      year      = "2015"
    }
    
    @article{rcnn,
      author    = "Ross B. Girshick and
                   Jeff Donahue and
                   Trevor Darrell and
                   Jitendra Malik",
      title     = "Rich feature hierarchies for accurate object detection and semantic segmentation",
      journal   = "CoRR",
      volume    = "abs/1311.2524",
      year      = "2013",
    }
    
    @article{fast-rcnn,
      author    = "Ross B. Girshick",
      title     = "Fast {R-CNN}",
      journal   = "CoRR",
      volume    = "abs/1504.08083",
      year      = "2015",
    }
    
    @article{selective-search,
      author       = "Uijlings, J. R. R. and van de Sande, K. E. A. and Gevers, T. and Smeulders, A. W. M.",
      title        = "Selective Search for Object Recognition",
      journal      = "International Journal of Computer Vision",
      number       = "2",
      volume       = "104",
      pages        = "154--171",
      year         = "2013"
    }
    
    @INPROCEEDINGS{hog,
        author="N. {Dalal} and B. {Triggs}",
        booktitle="2005 IEEE Computer Society Conference on Computer Vision and Pattern Recognition (CVPR'05)",
        title="Histograms of oriented gradients for human detection",
        year="2005",
        volume="1",
        number="",
        pages="886-893 vol. 1",
        doi="10.1109/CVPR.2005.177",
        ISSN="1063-6919",
        month="June",
    }

    @ARTICLE{tsDetect,
        author="A. de la Escalera and L. E. Moreno and M. A. Salichs and J. M. Armingol",
        journal="IEEE Transactions on Industrial Electronics",
        title="Road traffic sign detection and classification",
        year="1997",
        volume="44",
        number="6",
        pages="848--859",
        ISSN="0278-0046",
        month="Dec",
    }

    @article{tsDetectOverview,
      title="An overview of traffic sign detection methods",
      author="Brkic, Karla",
      journal="Department of Electronics, Microelectronics, Computer and Intelligent Systems Faculty of Electrical Engineering and Computing Unska",
      volume="3",
      pages="10000",
      year="2010"
    }

    @ARTICLE{canny,
        author="J. Canny",
        journal="IEEE Transactions on Pattern Analysis and Machine Intelligence",
        title="A Computational Approach to Edge Detection",
        year="1986",
        volume="8",
        number="6",
        pages="679--698",
        ISSN="0162-8828",
        month="Nov",
    }

    @mastersthesis{tsRychlaDetekce,
      author =       "Jakub Sochor",
      title =        "{\it Rychlá detekce dopravních značek v obraze}",
      school =       "FIT VUT v Brně",
      type =         "Bakalářská práce",
      year =         "2011"
    }

    @mastersthesis{tsWindowsPhone,
      author =       "Marek Dvořák",
      title =        "{\it Aplikace pro rozpoznání dopravních značek pro Windows Phone 7}",
      school =       "FIT VUT v Brně",
      type =         "Bakalářská práce",
      year =         "2012"
    }
    
    @mastersthesis{tsDetekceTapuska,
      author =       "Tomáš Ťapuška",
      title =        "{\it Detekce dopravních značek}",
      school =       "FIT VUT v Brně",
      type =         "Bakalářská práce",
      year =         "2007"
    }

    @mastersthesis{tsDetekceSvoboda,
      author =       "Tomáš Svoboda",
      title =        "{\it Detekce, lokalizace a rozpoznání dopravních značek}",
      school =       "FIT VUT v Brně",
      year =         "2010"
    }
    
    @INPROCEEDINGS{fastShapeTSD,
        author="G. Loy and N. Barnes",
        booktitle="2004 IEEE/RSJ International Conference on Intelligent Robots and Systems (IROS) (IEEE Cat. No.04CH37566)",
        title="Fast shape-based road sign detection for a driver assistance system",
        year="2004",
        volume="1",
        pages="70--75 vol.1",
        month="Sep",
    }
    
    @techreport{houghTransformace,
      title="Use of the Hough transformation to detect lines and curves in pictures",
      author="Duda, Richard O and Hart, Peter E",
      year="1971",
      institution="SRI INTERNATIONAL MENLO PARK CA ARTIFICIAL INTELLIGENCE CENTER"
    }
    
    @INPROCEEDINGS{classificMethodsComp1,
        author="Wahyono and K. Jo",
        booktitle="2014 IEEE International Conference on Industrial Technology (ICIT)",
        title="A comparative study of classification methods for traffic signs recognition",
        year="2014",
        volume="",
        number="",
        pages="614--619",
        doi="10.1109/ICIT.2014.6895001",
        ISSN="",
        month="Feb"
    }
    
    @INPROCEEDINGS{classificMethodsComp2,
        author="C. Dhaware and K. H. Wanjale",
        journal="International Journal of Computer Science Trends and Technology (IJCST)",
        title="Survey On Image Classification Methods In Image Processing",
        year="2016",
        volume="4",
        number="3",
        pages="246--248",
        ISSN="2347-8578",
        month="Jun"
    }
    
    @INPROCEEDINGS{classificMethodsComp3,
        author="P. Kamavisdar, S. Saluja, S. Agrawal",
        journal="International Journal of Advanced Research in Computer and Communication Engineering",
        title="A Survey on Image Classification Approaches and Techniques",
        year="2013",
        volume="2",
        number="1",
        pages="1005--1009",
        ISSN="2278-1021",
        month="Jan"
    }
    
    @BOOK{CVmodernApproach,
      TITLE = "Computer Vision: A modern approach",
      AUTHOR = "David A. Forsyth, Jean Ponce",
      YEAR = "2002",
      PUBLISHER = "Prentice Hall",
      ISBN = "0-130-85198-1",
      pages="601--626"
    }
    
    @article{CNN,
        author = "O'Shea, Keiron and Nash, Ryan",
        year = "2015",
        month = "Nov",
        pages = "",
        title = "An Introduction to Convolutional Neural Networks",
        journal = "ArXiv e-prints"
    }
    
    @ARTICLE{poissonEditing,
        author="Patrick Pérez, Michel Gangnet, Andrew Blake",
        journal="ACM Transactions on Graphics (TOG)",
        title="Poisson image editing",
        year="2003",
        number="3",
        volume="22",
        pages="313--318",
        doi="10.1145/882262.882269",
        month="July"
    }
    
    @INPROCEEDINGS{tsdFastRcnn,
        author="Z. {Zuo} and K. {Yu} and Q. {Zhou} and X. {Wang} and T. {Li}",
        booktitle="2017 IEEE 37th International Conference on Distributed Computing Systems Workshops (ICDCSW)",
        title="Traffic Signs Detection Based on Faster R-CNN",
        year="2017",
        pages="286-288",
        doi="10.1109/ICDCSW.2017.34",
        ISSN="2332-5666",
        month="June"
    }
    
    @article{errorAnalysis,
      title="Diagnosing error in object detectors",
      author="Hoiem, Derek and Chodpathumwan, Yodsawalai and Dai, Qieyun",
      journal="Computer Vision--ECCV 2012",
      pages="340--353",
      year="2012",
      volume = "7574",
      publisher="Springer"
    }

    @MISC{mAP,
      author = "Jonathan Hui",
      title = "mAP (mean Average Precision) for Object Detection",
      howpublished = {[online]},
      year = "Naposledy navštíveno 24. 4. 2019",
      url = "https://medium.com/@jonathan_hui/45c121a31173"
    }
    
    @MISC{darknet_config,
      author = "FelEnd",
      title = "Understanding darknet's yolo.cfg config files",
      howpublished = "[online]",
      year = "Naposledy navštíveno 14. 4. 2019",
      url = "https://stackoverflow.com/revisions/50696918/5"
    }
    
    @MISC{darknet_anchors,
      author = "Github",
      title = "Can someone clarify the anchor box concept used in Yolo?",
      howpublished = "[online]",
      year = "Naposledy navštíveno 14. 4. 2019",
      url = "https://github.com/pjreddie/darknet/issues/568"
    }

    @MISC{yolov3_article,
      author = "Ayoosh Kathuria",
      title = "What’s new in YOLO v3?",
      howpublished = "[online]",
      year = "Naposledy navštíveno 24. 4. 2019",
      url = "https://towardsdatascience.com/53fb7d3bfe6b"
    }

    @MISC{yolov123,
      author = "Jonathan Hui",
      title = "Real-time Object Detection with YOLO, YOLOv2 and now YOLOv3",
      howpublished = "[online]",
      year = "Naposledy navštíveno 24. 4. 2019",
      url = "https://medium.com/@jonathan_hui/28b1b93e2088"
    }